<record><leader>00000cas a22000007a 4500</leader><controlfield tag="001">16128210</controlfield><controlfield tag="008">870702d19011908iauwr ne      0    0eng d</controlfield><datafield ind1=" " ind2=" " tag="010"><subfield code="a">sn 87057673 </subfield></datafield><datafield ind1=" " ind2=" " tag="040"><subfield code="a">INP</subfield><subfield code="b">eng</subfield><subfield code="c">INP</subfield><subfield code="d">OCLCQ</subfield></datafield><datafield ind1=" " ind2=" " tag="042"><subfield code="a">msc</subfield></datafield><datafield ind1="0" ind2="4" tag="245"><subfield code="a">The Algona advance.</subfield></datafield><datafield ind1=" " ind2=" " tag="260"><subfield code="a">Algona, Iowa :</subfield><subfield code="b">G.C. Call,</subfield><subfield code="c">1901-1908.</subfield></datafield><datafield ind1=" " ind2=" " tag="300"><subfield code="a">8 v.</subfield></datafield><datafield ind1=" " ind2=" " tag="310"><subfield code="a">Weekly</subfield></datafield><datafield ind1="0" ind2=" " tag="362"><subfield code="a">Vol. 1, no. 1 (Aug. 2, 1901)-v. 8, no. 15 (Oct. 29, 1908).</subfield></datafield><datafield ind1=" " ind2=" " tag="500"><subfield code="a">Publisher varies.</subfield></datafield><datafield ind1=" " ind2=" " tag="752"><subfield code="a">United States</subfield><subfield code="b">Iowa</subfield><subfield code="c">Kossuth</subfield><subfield code="d">Algona.</subfield></datafield><datafield ind1="0" ind2="0" tag="785"><subfield code="t">Kossuth County advance (Algona, Iowa : 1908)</subfield><subfield code="w">(DLC)sn 87057674</subfield></datafield></record>